@article{ATLAS:2016nqi,
    author = "Aaboud, Morad and others",
    collaboration = "ATLAS",
    title = "{Precision measurement and interpretation of inclusive $W^+$ , $W^-$ and $Z/\gamma ^*$ production cross sections with the ATLAS detector}",
    eprint = "1612.03016",
    archivePrefix = "arXiv",
    primaryClass = "hep-ex",
    reportNumber = "CERN-EP-2016-272",
    doi = "10.1140/epjc/s10052-017-4911-9",
    journal = "Eur. Phys. J. C",
    volume = "77",
    number = "6",
    pages = "367",
    year = "2017"
}

@article{CMS:2014pkt,
    author = "Chatrchyan, Serguei and others",
    collaboration = "CMS",
    title = "{Measurement of inclusive W and Z boson production cross sections in pp collisions at $\sqrt{s}$ = 8 TeV}",
    eprint = "1402.0923",
    archivePrefix = "arXiv",
    primaryClass = "hep-ex",
    reportNumber = "CMS-SMP-12-011, CERN-PH-EP-2013-217",
    doi = "10.1103/PhysRevLett.112.191802",
    journal = "Phys. Rev. Lett.",
    volume = "112",
    pages = "191802",
    year = "2014"
}

@article{CMS:2013hon,
    author = "Chatrchyan, Serguei and others",
    collaboration = "CMS",
    title = "Measurement of the $t \bar{t}$ production cross section in the dilepton channel in pp collisions at $\sqrt{s}$ = 8 TeV",
    eprint = "1312.7582",
    archivePrefix = "arXiv",
    primaryClass = "hep-ex",
    reportNumber = "CMS-TOP-12-007, CERN-PH-EP-2013-234",
    doi = "10.1007/JHEP02(2014)024",
    journal = "JHEP",
    volume = "02",
    pages = "024",
    year = "2014"
}

@article{ATLAS:2016rnf,
    author = "Aad, Georges and others",
    collaboration = "ATLAS",
    title = "{Measurement of the angular coefficients in $Z$-boson events using electron and muon pairs from data taken at $\sqrt{s}$=8 TeV with the ATLAS detector}",
    eprint = "1606.00689",
    archivePrefix = "arXiv",
    primaryClass = "hep-ex",
    reportNumber = "CERN-EP-2016-087",
    doi = "10.1007/JHEP08(2016)159",
    journal = "JHEP",
    volume = "08",
    pages = "159",
    year = "2016"
}

@article{ATLAS:2015iiu,
    author = "Aad, Georges and others",
    collaboration = "ATLAS",
    title = "{Measurement of the transverse momentum and $\phi ^*_{\eta }$ distributions of Drell\textendash{}Yan lepton pairs in proton\textendash{}proton collisions at $\sqrt{s}=8$  TeV with the ATLAS detector}",
    eprint = "1512.02192",
    archivePrefix = "arXiv",
    primaryClass = "hep-ex",
    reportNumber = "CERN-PH-EP-2015-275",
    doi = "10.1140/epjc/s10052-016-4070-4",
    journal = "Eur. Phys. J. C",
    volume = "76",
    number = "5",
    pages = "291",
    year = "2016"
}

@article{2015pho,
  author = "CMS Experiment",
	doi = {10.1088/1748-0221/10/08/p08010},
	url = {https://doi.org/10.1088/1748-0221/10/08/p08010},
	year = "2015",
	publisher = {{IOP} Publishing},
	volume = {10},
	number = {08},
	pages = {P08010--P08010},
	title = {Performance of photon reconstruction and identification with the {CMS} detector in proton-proton collisions at $\sqrt{s}$ = 8 {TeV}},
	journal = {Journal of Instrumentation}
}

@article{CMS:2012qbp,
    author = "Chatrchyan, Serguei and others",
    collaboration = "CMS",
    title = "{Observation of a New Boson at a Mass of 125 GeV with the CMS Experiment at the LHC}",
    eprint = "1207.7235",
    archivePrefix = "arXiv",
    primaryClass = "hep-ex",
    reportNumber = "CMS-HIG-12-028, CERN-PH-EP-2012-220",
    doi = "10.1016/j.physletb.2012.08.021",
    journal = "Phys. Lett. B",
    volume = "716",
    pages = "30--61",
    year = "2012"
}

 @misc{cmsopendata,
   author = {CMS Experiment},
   title={CMS Data Preservation, re-use and Open access policy},
   year={2020},
   url={https://cms-docdb.cern.ch/cgi-bin/PublicDocDB/ShowDocument?docid=6032},
   journal={CMS}
}

@misc{cernopendata,
  author = {CERN},
  title = {CERN Open Data Policy for the LHC Experiments},
  year = {2020},
  journal = {CERN Open Data Portal},
  doi = "10.7483/OPENDATA.0XO6.HYY1"
}

@book{Behnke:1517556,
      author        = "Behnke, Olaf and Kröninger, Kevin and Schott, Gregory
                       and Schorner-Sadenius, Thomas",
      title         = {Data analysis in high energy physics: a practical guide
                       to statistical methods},
      publisher     = "Wiley-VCH",
      address       = "Weinheim",
      year          = "2013",
      url           = "https://cds.cern.ch/record/1517556",
      doi           = "10.1002/9783527653416",
}

@article{Lassila-Perini:2021xzn,
    author = "Lassila-Perini, Kati and Lange, Clemens and Jarrin, Edgar Carrera and Bellis, Matthew",
    title = {Using CMS Open Data in research \textendash{} challenges and directions},
    eprint = "2106.05726",
    archivePrefix = "arXiv",
    primaryClass = "hep-ex",
    doi = "10.1051/epjconf/202125101004",
    journal = "EPJ Web Conf.",
    volume = "251",
    pages = "01004",
    year = "2021"
}

@misc{cmsmalay,
  author = {Faridah Mohamad Idris, et al.},
  title = {The CMS Collaboration in Malaysia},
  year = {2013},
  url= {https://www.inustec.my/uploads/1/3/8/2/138265193/cms_collaboration.pdf}
}

@misc{opendataportal,
  author = {CERN},
  tilte = {CERN Open Data Portal},
  year = {2022},
  url = {https://opendata.cern.ch/}
}

@article{Tripathee:2017ybi,
    author = "Tripathee, Aashish and Xue, Wei and Larkoski, Andrew and Marzani, Simone and Thaler, Jesse",
    title = "{Jet Substructure Studies with CMS Open Data}",
    eprint = "1704.05842",
    archivePrefix = "arXiv",
    primaryClass = "hep-ph",
    reportNumber = "MIT-CTP-4890",
    doi = "10.1103/PhysRevD.96.074003",
    journal = "Phys. Rev. D",
    volume = "96",
    number = "7",
    pages = "074003",
    year = "2017"
}

@article{Larkoski:2017bvj,
    author = "Larkoski, Andrew and Marzani, Simone and Thaler, Jesse and Tripathee, Aashish and Xue, Wei",
    title = "{Exposing the QCD Splitting Function with CMS Open Data}",
    eprint = "1704.05066",
    archivePrefix = "arXiv",
    primaryClass = "hep-ph",
    reportNumber = "MIT-CTP-4891",
    doi = "10.1103/PhysRevLett.119.132003",
    journal = "Phys. Rev. Lett.",
    volume = "119",
    number = "13",
    pages = "132003",
    year = "2017"
}

@article{Cesarotti:2019nax,
    author = "Cesarotti, Cari and Soreq, Yotam and Strassler, Matthew J. and Thaler, Jesse and Xue, Wei",
    title = "{Searching in CMS Open Data for Dimuon Resonances with Substantial Transverse Momentum}",
    eprint = "1902.04222",
    archivePrefix = "arXiv",
    primaryClass = "hep-ph",
    reportNumber = "MIT-CTP/5044, CERN-TH-2018-188",
    doi = "10.1103/PhysRevD.100.015021",
    journal = "Phys. Rev. D",
    volume = "100",
    number = "1",
    pages = "015021",
    year = "2019"
}

@article{Lester:2019bso,
    author = "Lester, Christopher G. and Schott, Matthias",
    title = "{Testing non-standard sources of parity violation in jets at the LHC, trialled with CMS Open Data}",
    eprint = "1904.11195",
    archivePrefix = "arXiv",
    primaryClass = "hep-ex",
    reportNumber = "CAV-HEP-19/06",
    doi = "10.1007/JHEP12(2019)120",
    journal = "JHEP",
    volume = "12",
    pages = "120",
    year = "2019"
}

@article{Apyan:2019ybx,
    author = "Apyan, Aram and Cuozzo, William and Klute, Markus and Saito, Yoshihiro and Schott, Matthias and Sintayehu, Bereket",
    title = "{Opportunities and challenges of Standard Model production cross section measurements in proton-proton collisions at $\sqrt{s}$ =8 TeV using CMS Open Data}",
    eprint = "1907.08197",
    archivePrefix = "arXiv",
    primaryClass = "hep-ex",
    reportNumber = "FERMILAB-PUB-19-383-CMS",
    doi = "10.1088/1748-0221/15/01/P01009",
    journal = "JINST",
    volume = "15",
    number = "01",
    pages = "P01009",
    year = "2020"
}

@article{Brun:1997pa,
    author = "Brun, R. and Rademakers, F.",
    editor = "Werlen, M. and Perret-Gallix, D.",
    title = "{ROOT: An object oriented data analysis framework}",
    doi = "10.1016/S0168-9002(97)00048-X",
    journal = "Nucl. Instrum. Meth. A",
    volume = "389",
    pages = "81--86",
    year = "1997"
}

@misc{cmssw,
  author = {CMS Experiment},
  tilte = {CMS Software},
  year = {2021},
  url = {http://cms-sw.github.io/}
}

@article{Petrucciani:2015gjw,
    author = "Petrucciani, Giovanni and Rizzi, Andrea and Vuosalo, Carl",
    collaboration = "CMS",
    title = "{Mini-AOD: A New Analysis Data Format for CMS}",
    eprint = "1702.04685",
    archivePrefix = "arXiv",
    primaryClass = "physics.ins-det",
    reportNumber = "CMS-CR-2015-052",
    doi = "10.1088/1742-6596/664/7/072052",
    journal = "J. Phys. Conf. Ser.",
    volume = "664",
    number = "7",
    pages = "7",
    year = "2015"
}

@article{Ehataht:2020ebp,
    author = {Ehat\"aht, Karl},
    editor = "Doglioni, C. and Kim, D. and Stewart, G. A. and Silvestris, L. and Jackson, P. and Kamleh, W.",
    collaboration = "CMS",
    title = "{NANOAOD: a new compact event data format in CMS}",
    doi = "10.1051/epjconf/202024506002",
    journal = "EPJ Web Conf.",
    volume = "245",
    pages = "06002",
    year = "2020"
}

@software{blomer_jakob_2020_4114078,
  author       = {Blomer, Jakob and
                  Bockelman, Brian and
                  Buncic, Predrag and
                  Couturier, Ben and
                  Dosaru, Daniel-Florin and
                  Dykstra, Dave and
                  Ganis, Gerardo and
                  Giffels, Manuel and
                  Hardi Nikola and
                  Hazekamp, Nick and
                  Heikkila, Seppo and
                  Isgandarli, Shahnur and
                  Meusel, René and
                  Mosciatti, Simone and
                  Popescu, Radu and
                  Randall, Joshua and
                  Shaffer, Tim and
                  Teuber, Samuel and
                  Thain, Douglas and
                  Tovar, Ben and
                  Traylen, Steve and
                  Weitzel, Derek},
  title        = {The CernVM File System: v2.7.5},
  month        = oct,
  year         = 2020,
  publisher    = {Zenodo},
  version      = {2.7.5},
  doi          = {10.5281/zenodo.4114078},
  url          = {https://doi.org/10.5281/zenodo.4114078}
}
